@article{magnor2010progress,
  title={Progress in rendering and modeling for digital planetariums},
  author={Magnor, Marcus and Sen, Pradeep and Kniss, Joe and Angel, Edward and Wenger, Stephan},
  journal={Proc. Eurographics Area Papers},
  pages={1--8},
  year={2010}
}

@article{fu2007transparently,
  title={A transparently scalable visualization architecture for exploring the Universe},
  author={Fu, Chi-Wing and Hanson, Andrew J},
  journal={IEEE transactions on visualization and computer graphics},
  volume={13},
  number={1},
  pages={108--121},
  year={2007},
  publisher={IEEE}
}

@incollection{hanson2000very,
  title={Very large scale visualization methods for astrophysical data},
  author={Hanson, Andrew J and Fu, Chi-Wing and Wernert, Eric A},
  booktitle={Data Visualization 2000},
  pages={115--124},
  year={2000},
  publisher={Springer}
}

@incollection{stern2009new,
  title={The New Horizons Pluto Kuiper belt mission: an overview with historical context},
  author={Stern, S Alan},
  booktitle={New Horizons},
  pages={3--21},
  year={2009},
  publisher={Springer}
}

@inbook{higham2002accuracy,
  title={Accuracy and stability of numerical algorithms},
  author={Higham, Nicholas J},
  pages=37,
  year={2002},
  publisher={Siam},
  edition=2
}

@article{zuras2008ieee,
  title={IEEE standard for floating-point arithmetic},
  author={Zuras, Dan and Cowlishaw, Mike and Aiken, Alex and Applegate, Matthew and Bailey, David and Bass, Steve and Bhandarkar, Dileep and Bhat, Mahesh and Bindel, David and Boldo, Sylvie and others},
  journal={IEEE Std 754-2008},
  pages={1--70},
  year={2008},
  publisher={IEEE}
}

@inproceedings{KHECY10,
  author       = {Klashed, Staffan and Hemingsson, Per and Emmart, Carter and Cooper, Matthew and Ynnerman, Anders},
  title        = {{Uniview - Visualizing the Universe}},
  booktitle    = {Eurographics - Areas Papers},
  year         = {2010},
  publisher    = {Eurographics Association}
}

@book{powersOfTen,
  title = {Powers of Ten},
  author= {Eames, Charles and Eames, Ray},
  year = {1977},
  publisher = {IBM}
}


@article{kessenich2014opengl,
  title={The opengl shading language},
  author={Kessenich, John and Baldwin, Dave and Rost, Randi},
  journal={Language version},
  volume={1.1},
  year={2014}
}
=======
%% This BibTeX bibliography file was created using BibDesk.
%% http://bibdesk.sourceforge.net/

%% Created for Alexander Bock at 2016-12-08 17:22:19 +0100 


%% Saved with string encoding Unicode (UTF-8) 



@inproceedings{liu20013,
	Author = {Liu, Charles T and Abbott, Brian and Emmart, Carter and Mac Low, M-M and Shara, M and Summers, Francis J and Tyson, Neil D},
	Booktitle = {Virtual Observatories of the Future},
	Date-Added = {2016-12-08 16:18:07 +0000},
	Date-Modified = {2016-12-08 16:18:07 +0000},
	Pages = {188},
	Title = {3-D visualizations of massive astronomy datasets with a digital dome},
	Volume = {225},
	Year = {2001}}

@article{ohishi2007international,
	Author = {Ohishi, Masatoshi},
	Date-Added = {2016-12-08 16:15:42 +0000},
	Date-Modified = {2016-12-08 16:15:42 +0000},
	Journal = {Highlights of Astronomy},
	Pages = {528--529},
	Title = {International virtual observatory alliance},
	Volume = {14},
	Year = {2007}}

@electronic{ES16,
	Author = {{Evans \& Sutherland}},
	Date-Added = {2016-12-08 16:12:34 +0000},
	Date-Modified = {2016-12-08 16:13:33 +0000},
	Title = {Digistar},
	Url = {http://www.es.com/Digistar/},
	Year = {2016}}

@electronic{Sky16,
	Author = {{Sky-Skan Inc.}},
	Date-Added = {2016-12-08 16:09:39 +0000},
	Date-Modified = {2016-12-08 16:13:36 +0000},
	Title = {DigitalSky 2},
	Url = {http://www.skyskan.com/products/ds},
	Year = {2016}}

@article{Cuyt2001,
	Author = {Cuyt, Annie and Verdonk, Brigitte and Becuwe, S. and Kuterna, Peter},
	Date-Added = {2016-12-08 15:48:21 +0000},
	Date-Modified = {2016-12-08 15:48:21 +0000},
	Doi = {10.1007/s006070170028},
	Issn = {1436-5057},
	Journal = {Computing},
	Month = {May},
	Number = {3},
	Pages = {309--320},
	Publisher = {Springer Nature},
	Title = {A Remarkable Example of Catastrophic Cancellation Unraveled},
	Url = {http://dx.doi.org/10.1007/s006070170028},
	Volume = {66},
	Year = {2001},
	Bdsk-Url-1 = {http://dx.doi.org/10.1007/s006070170028}}

@article{Hickey2001,
	Author = {Hickey, T. and Ju, Q. and Van Emden, M. H.},
	Date-Added = {2016-12-08 15:48:21 +0000},
	Date-Modified = {2016-12-08 15:48:21 +0000},
	Doi = {10.1145/502102.502106},
	Issn = {0004-5411},
	Journal = {Journal of the ACM},
	Month = {Sep},
	Number = {5},
	Pages = {1038--1068},
	Publisher = {Association for Computing Machinery (ACM)},
	Title = {Interval arithmetic: From principles to implementation},
	Url = {http://dx.doi.org/10.1145/502102.502106},
	Volume = {48},
	Year = {2001},
	Bdsk-Url-1 = {http://dx.doi.org/10.1145/502102.502106}}
