%% This BibTeX bibliography file was created using BibDesk.
%% http://bibdesk.sourceforge.net/

%% Created for Alexander Bock at 2017-03-06 21:19:33 -0500 


%% Saved with string encoding Unicode (UTF-8) 



@article{fujii2011dynamics,
	Author = {Fujii, MS and Baba, J and Saitoh, TR and Makino, J and Kokubo, E and Wada, K},
	Date-Added = {2016-12-12 22:38:43 +0000},
	Date-Modified = {2016-12-12 22:38:43 +0000},
	Journal = {The Astrophysical Journal},
	Number = {2},
	Pages = {109},
	Publisher = {IOP Publishing},
	Title = {The dynamics of spiral arms in pure stellar disks},
	Volume = {730},
	Year = {2011}}

@article{junichi2010interpretation,
	Author = {Junichi, Baba and Takayuki, R Saitoh and Keiichi, Wada},
	Date-Added = {2016-12-12 22:37:57 +0000},
	Date-Modified = {2016-12-12 22:37:57 +0000},
	Journal = {Publications of the Astronomical Society of Japan},
	Number = {6},
	Pages = {1413--1422},
	Publisher = {Oxford University Press},
	Title = {On the Interpretation of the l--v Features in the Milky Way Galaxy},
	Volume = {62},
	Year = {2010}}

@article{mcewen2007mars,
	Author = {McEwen, Alfred S and Eliason, Eric M and Bergstrom, James W and Bridges, Nathan T and Hansen, Candice J and Delamere, W Alan and Grant, John A and Gulick, Virginia C and Herkenhoff, Kenneth E and Keszthelyi, Laszlo and others},
	Date-Added = {2016-12-12 14:15:05 +0000},
	Date-Modified = {2017-03-07 02:19:33 +0000},
	Journal = {Journal of Geophysical Research: Planets},
	Number = {E5},
	Publisher = {Wiley Online Library},
	Title = {{Mars reconnaissance orbiter's high resolution imaging science experiment (HiRISE)}},
	Volume = {112},
	Year = {2007}}

@article{stern2015pluto,
	Author = {Stern, SA and Bagenal, F and Ennico, K and Gladstone, GR and Grundy, WM and McKinnon, WB and Moore, JM and Olkin, CB and Spencer, JR and Weaver, HA and others},
	Date-Added = {2016-12-12 14:13:05 +0000},
	Date-Modified = {2016-12-12 14:13:05 +0000},
	Journal = {Science},
	Number = {6258},
	Publisher = {American Association for the Advancement of Science},
	Title = {The Pluto system: Initial results from its exploration by New Horizons},
	Volume = {350},
	Year = {2015}}

@article{Bock_2015,
	Author = {Bock, Alexander and Marcinkowski, Michal and Kilby, Joakim and Emmart, Carter and Ynnerman, Anders},
	Date-Added = {2016-12-11 17:06:11 +0000},
	Date-Modified = {2017-03-07 02:17:37 +0000},
	Doi = {10.1109/scivis.2015.7429503},
	Isbn = {http://id.crossref.org/isbn/978-1-4673-9785-8},
	Journal = {2015 IEEE Scientific Visualization Conference (SciVis)},
	Month = {Oct},
	Publisher = {Institute of Electrical and Electronics Engineers (IEEE)},
	Title = {OpenSpace: Public dissemination of space mission profiles},
	Year = {2015},
	Bdsk-Url-1 = {http://dx.doi.org/10.1109/SciVis.2015.7429503},
	Bdsk-Url-2 = {http://dx.doi.org/10.1109/scivis.2015.7429503}}

@book{cozzi20113d,
	Author = {Cozzi, Patrick and Ring, Kevin},
	Date-Added = {2016-12-11 16:41:59 +0000},
	Date-Modified = {2016-12-11 16:41:59 +0000},
	Publisher = {CRC Press},
	Title = {3D engine design for virtual globes},
	Year = {2011}}

@webpage{github16openspace,
	Author = {{GitHub}},
	Date-Added = {2016-12-11 14:55:04 +0000},
	Date-Modified = {2016-12-11 14:59:12 +0000},
	Title = {{OpenSpace Repository}},
	Url = {https://www.github.com/OpenSpace/OpenSpace.git},
	Bdsk-Url-1 = {https://www.github.com/OpenSpace/OpenSpace.git}}

@article{li2006scalable,
	Author = {Li, Yinggang and Fu, Chi-Wing and Hanson, Andrew},
	Date-Added = {2016-12-10 10:22:04 +0000},
	Date-Modified = {2016-12-10 10:22:04 +0000},
	Journal = {IEEE Transactions on Visualization and Computer Graphics},
	Number = {5},
	Pages = {1005--1012},
	Publisher = {IEEE},
	Title = {Scalable WIM: Effective exploration in large-scale astrophysical environments},
	Volume = {12},
	Year = {2006}}

@article{nakasone2009astrosim,
	Author = {Nakasone, Arturo and Prendinger, Helmut and Holland, Simon and Hut, Piet and Makino, Jun and Miura, Ken},
	Date-Added = {2016-12-10 10:18:37 +0000},
	Date-Modified = {2016-12-10 10:18:37 +0000},
	Journal = {IEEE Computer Graphics and Applications},
	Number = {5},
	Pages = {69--81},
	Title = {AstroSim: collaborative visualization of an astrophysics simulation in second life.},
	Volume = {29},
	Year = {2009}}

@misc{abbott2006digital,
	Author = {Abbott, B},
	Date-Added = {2016-12-10 10:16:07 +0000},
	Date-Modified = {2016-12-10 10:16:07 +0000},
	Publisher = {Online at http://haydenplanetarium. org/universe/duguide},
	Title = {The Digital Universe Guide for Partiview},
	Year = {2006}}

@inproceedings{fu2006navigation,
	Author = {Fu, Chi-Wing and Hanson, Andrew J and Wernert, Eric A},
	Booktitle = {Electronic Imaging 2006},
	Date-Added = {2016-12-10 09:44:13 +0000},
	Date-Modified = {2017-03-07 02:19:07 +0000},
	Organization = {International Society for Optics and Photonics},
	Title = {Navigation techniques for large-scale astronomical exploration},
	Year = {2006}}

@article{magnor2010progress,
	Author = {Magnor, Marcus and Sen, Pradeep and Kniss, Joe and Angel, Edward and Wenger, Stephan},
	Journal = {Proc. Eurographics Area Papers},
	Pages = {1--8},
	Title = {Progress in rendering and modeling for digital planetariums},
	Year = {2010}}

@article{fu2007transparently,
	Author = {Fu, Chi-Wing and Hanson, Andrew J},
	Date-Modified = {2017-03-07 02:19:03 +0000},
	Journal = {{IEEE Transactions on Visualization and Computer Graphics}},
	Number = {1},
	Pages = {108--121},
	Publisher = {IEEE},
	Title = {A Transparently Scalable Visualization Architecture for Exploring the Universe},
	Volume = {13},
	Year = {2007}}

@incollection{hanson2000very,
	Author = {Hanson, Andrew J and Fu, Chi-Wing and Wernert, Eric A},
	Booktitle = {Data Visualization 2000},
	Pages = {115--124},
	Publisher = {Springer},
	Title = {Very large scale visualization methods for astrophysical data},
	Year = {2000}}

@incollection{stern2009new,
	Author = {Stern, S Alan},
	Booktitle = {New Horizons},
	Pages = {3--21},
	Publisher = {Springer},
	Title = {The New Horizons Pluto Kuiper belt mission: An overview with historical context},
	Year = {2009}}

@inbook{higham2002accuracy,
	Author = {Higham, Nicholas J},
	Edition = 2,
	Pages = 37,
	Publisher = {Siam},
	Title = {Accuracy and stability of numerical algorithms},
	Year = {2002}}

@article{zuras2008ieee,
	Author = {Zuras, Dan and Cowlishaw, Mike and Aiken, Alex and Applegate, Matthew and Bailey, David and Bass, Steve and Bhandarkar, Dileep and Bhat, Mahesh and Bindel, David and Boldo, Sylvie and others},
	Journal = {IEEE Std 754-2008},
	Pages = {1--70},
	Publisher = {IEEE},
	Title = {{IEEE} standard for floating-point arithmetic},
	Year = {2008}}

@inproceedings{KHECY10,
	Author = {Klashed, Staffan and Hemingsson, Per and Emmart, Carter and Cooper, Matthew and Ynnerman, Anders},
	Booktitle = {Eurographics - Areas Papers},
	Publisher = {Eurographics Association},
	Title = {{Uniview - Visualizing the Universe}},
	Year = {2010}}

@book{powersOfTen,
	Author = {Eames, Charles and Eames, Ray},
	Publisher = {IBM},
	Title = {Powers of Ten},
	Year = {1977}}

@article{kessenich2014opengl,
	Author = {Kessenich, John and Baldwin, Dave and Rost, Randi},
	Journal = {Language version},
	Title = {The opengl shading language},
	Volume = {1.1},
	Year = {2014}}

@inproceedings{liu20013,
	Author = {Liu, Charles T and Abbott, Brian and Emmart, Carter and Mac Low, M-M and Shara, M and Summers, Francis J and Tyson, Neil D},
	Booktitle = {Virtual Observatories of the Future},
	Date-Added = {2016-12-08 16:18:07 +0000},
	Date-Modified = {2016-12-08 16:18:07 +0000},
	Pages = {188},
	Title = {3-D visualizations of massive astronomy datasets with a digital dome},
	Volume = {225},
	Year = {2001}}

@article{ohishi2007international,
	Author = {Ohishi, Masatoshi},
	Date-Added = {2016-12-08 16:15:42 +0000},
	Date-Modified = {2016-12-08 16:15:42 +0000},
	Journal = {Highlights of Astronomy},
	Pages = {528--529},
	Title = {International virtual observatory alliance},
	Volume = {14},
	Year = {2007}}

@electronic{ES16,
	Author = {{Evans \& Sutherland}},
	Date-Added = {2016-12-08 16:12:34 +0000},
	Date-Modified = {2016-12-08 16:13:33 +0000},
	Title = {Digistar},
	Url = {http://www.es.com/Digistar/},
	Year = {2016},
	Bdsk-Url-1 = {http://www.es.com/Digistar/}}

@electronic{Sky16,
	Author = {{Sky-Skan Inc.}},
	Date-Added = {2016-12-08 16:09:39 +0000},
	Date-Modified = {2016-12-08 16:13:36 +0000},
	Title = {DigitalSky 2},
	Url = {http://www.skyskan.com/products/ds},
	Year = {2016},
	Bdsk-Url-1 = {http://www.skyskan.com/products/ds}}

@article{Cuyt2001,
	Author = {Cuyt, Annie and Verdonk, Brigitte and Becuwe, S. and Kuterna, Peter},
	Date-Added = {2016-12-08 15:48:21 +0000},
	Date-Modified = {2017-03-07 02:17:49 +0000},
	Doi = {10.1007/s006070170028},
	Issn = {1436-5057},
	Journal = {Computing},
	Month = {May},
	Number = {3},
	Pages = {309--320},
	Publisher = {Springer Nature},
	Title = {A Remarkable Example of Catastrophic Cancellation Unraveled},
	Volume = {66},
	Year = {2001},
	Bdsk-Url-1 = {http://dx.doi.org/10.1007/s006070170028}}

@article{Hickey2001,
	Author = {Hickey, T. and Ju, Q. and Van Emden, M. H.},
	Date-Added = {2016-12-08 15:48:21 +0000},
	Date-Modified = {2016-12-08 15:48:21 +0000},
	Doi = {10.1145/502102.502106},
	Issn = {0004-5411},
	Journal = {Journal of the ACM},
	Month = {Sep},
	Number = {5},
	Pages = {1038--1068},
	Publisher = {Association for Computing Machinery (ACM)},
	Title = {Interval arithmetic: From principles to implementation},
	Url = {http://dx.doi.org/10.1145/502102.502106},
	Volume = {48},
	Year = {2001},
	Bdsk-Url-1 = {http://dx.doi.org/10.1145/502102.502106}}

@article{upchurch2012tightening,
	Author = {Upchurch, Paul and Desbrun, Mathieu},
	Journal = {Journal of Graphics Tools},
	Number = {1},
	Pages = {40--56},
	Publisher = {Taylor \& Francis},
	Title = {Tightening the precision of perspective rendering},
	Volume = {16},
	Year = {2012}}

@inproceedings{lindholm2015hybrid,
	Author = {Lindholm, Stefan and Falk, Martin and Sund{\'e}n, Erik and Bock, Alexander and Ynnerman, Anders and Ropinski, Timo},
	Booktitle = {Computer Graphics Forum},
	Number = {1},
	Organization = {Wiley Online Library},
	Pages = {74--85},
	Title = {Hybrid data visualization based on depth complexity histogram analysis},
	Volume = {34},
	Year = {2015}}

@book{luebke2003level,
	Author = {Luebke, David P},
	Publisher = {Morgan Kaufmann},
	Title = {Level of detail for 3D graphics},
	Year = {2003}}
